<record><leader>00000nas a2200000 i 4500</leader><controlfield tag="001">946588472</controlfield><controlfield tag="006">m     o  d        </controlfield><controlfield tag="007">cr |||||||||||</controlfield><controlfield tag="008">160413d18631867mduwr neo     0   a0eng  </controlfield><datafield ind1=" " ind2=" " tag="010"><subfield code="a">  2016271045</subfield></datafield><datafield ind1=" " ind2=" " tag="040"><subfield code="a">DLC</subfield><subfield code="b">eng</subfield><subfield code="e">rda</subfield><subfield code="c">DLC</subfield></datafield><datafield ind1="0" ind2=" " tag="022"><subfield code="a">2471-8998</subfield><subfield code="2">1</subfield></datafield><datafield ind1=" " ind2=" " tag="042"><subfield code="a">pcc</subfield><subfield code="a">nsdp</subfield></datafield><datafield ind1=" " ind2=" " tag="043"><subfield code="a">n-us-md</subfield></datafield><datafield ind1="1" ind2="0" tag="050"><subfield code="a">ISSN RECORD</subfield></datafield><datafield ind1="1" ind2="0" tag="082"><subfield code="a">071</subfield><subfield code="2">23</subfield></datafield><datafield ind1="0" ind2=" " tag="130"><subfield code="a">St. Mary's gazette (Leonardtown, Md.)</subfield></datafield><datafield ind1=" " ind2="0" tag="222"><subfield code="a">St. Mary's gazette</subfield><subfield code="b">(Leonardtown, Md. Online)</subfield></datafield><datafield ind1="1" ind2="0" tag="245"><subfield code="a">St. Mary's gazette.</subfield></datafield><datafield ind1="0" ind2="0" tag="246"><subfield code="a">Saint Mary's gazette</subfield></datafield><datafield ind1=" " ind2="1" tag="264"><subfield code="a">Leonard Town, Md. :</subfield><subfield code="b">Walter Thompson,</subfield><subfield code="c">1863</subfield></datafield><datafield ind1=" " ind2=" " tag="300"><subfield code="a">1 online resource</subfield></datafield><datafield ind1=" " ind2=" " tag="310"><subfield code="a">Weekly</subfield></datafield><datafield ind1=" " ind2=" " tag="336"><subfield code="a">text</subfield><subfield code="b">txt</subfield><subfield code="2">rdacontent</subfield></datafield><datafield ind1=" " ind2=" " tag="337"><subfield code="a">computer</subfield><subfield code="b">c</subfield><subfield code="2">rdamedia</subfield></datafield><datafield ind1=" " ind2=" " tag="338"><subfield code="a">online resource</subfield><subfield code="b">cr</subfield><subfield code="2">rdacarrier</subfield></datafield><datafield ind1="1" ind2=" " tag="362"><subfield code="a">Began with vol. I, no. 1 (October 1, 1863); ceased with vol. IV, no. 45 (August 29, 1867).</subfield></datafield><datafield ind1=" " ind2=" " tag="588"><subfield code="a">Description based on: Vol. I, no. 1 (October 1, 1863); title from masthead (Chroniclingamerica.loc.gov, viewed April 13, 2016).</subfield></datafield><datafield ind1=" " ind2=" " tag="588"><subfield code="a">Latest issue consulted: Vol. IV, no. 45 (August 29, 1867) (Chroniclingamerica.loc.gov, viewed April 13, 2016).</subfield></datafield><datafield ind1=" " ind2="0" tag="651"><subfield code="a">Leonardtown (Md.)</subfield><subfield code="v">Newspapers.</subfield></datafield><datafield ind1=" " ind2="0" tag="651"><subfield code="a">Saint Mary's County (Md.)</subfield><subfield code="v">Newspapers.</subfield></datafield><datafield ind1=" " ind2="7" tag="651"><subfield code="a">Maryland</subfield><subfield code="z">Saint Mary's County.</subfield><subfield code="2">fast</subfield><subfield code="0">(OCoLC)fst01237874</subfield></datafield><datafield ind1=" " ind2="7" tag="655"><subfield code="a">Newspapers.</subfield><subfield code="2">fast</subfield><subfield code="0">(OCoLC)fst01423814</subfield></datafield><datafield ind1=" " ind2=" " tag="752"><subfield code="a">United States</subfield><subfield code="b">Maryland</subfield><subfield code="c">Saint Mary's</subfield><subfield code="d">Leonardtown.</subfield></datafield><datafield ind1="0" ind2="8" tag="776"><subfield code="i">Originally issued in print:</subfield><subfield code="t">St. Mary's gazette (Leonardtown, Md.)</subfield><subfield code="x">2471-898X</subfield><subfield code="w">(DLC)sn 89060120</subfield><subfield code="w">(OCoLC)7909889</subfield></datafield><datafield ind1="0" ind2="0" tag="780"><subfield code="t">St. Mary's beacon (Leonardtown, Md. : 1852)</subfield></datafield><datafield ind1="0" ind2="0" tag="785"><subfield code="t">Saint Mary's beacon (Leonardtown, Md. : 1867)</subfield></datafield><datafield ind1="4" ind2="0" tag="856"><subfield code="u">http://www.loc.gov/chroniclingamerica/lccn/sn89060120/issues</subfield></datafield></record>